%! Author = chouheiwa
%! Date = 2022/11/20

@online{
    wiki,
    title = "Gaussâ€“Markov theorem",
    howpublished = {\url{https://en.wikipedia.org/wiki/Gauss%E2%80%93Markov_theorem}},
}